%YAML 1.1
%TAG !u! tag:unity3d.com,2011:
--- !u!1 &49498675846500374
GameObject:
  m_ObjectHideFlags: 0
  m_CorrespondingSourceObject: {fileID: 0}
  m_PrefabInstance: {fileID: 0}
  m_PrefabAsset: {fileID: 0}
  serializedVersion: 6
  m_Component:
  - component: {fileID: 1979104133470193205}
  m_Layer: 0
  m_Name: MaleVoices
  m_TagString: Untagged
  m_Icon: {fileID: 0}
  m_NavMeshLayer: 0
  m_StaticEditorFlags: 0
  m_IsActive: 1
--- !u!4 &1979104133470193205
Transform:
  m_ObjectHideFlags: 0
  m_CorrespondingSourceObject: {fileID: 0}
  m_PrefabInstance: {fileID: 0}
  m_PrefabAsset: {fileID: 0}
  m_GameObject: {fileID: 49498675846500374}
  m_LocalRotation: {x: 0, y: 0, z: 0, w: 1}
  m_LocalPosition: {x: 0, y: 0, z: 0}
  m_LocalScale: {x: 1, y: 1, z: 1}
  m_Children:
  - {fileID: 5312336426706659349}
  - {fileID: 1864952062497218224}
  - {fileID: 5105393271000296535}
  m_Father: {fileID: 173156728259712482}
  m_RootOrder: 6
  m_LocalEulerAnglesHint: {x: 0, y: 0, z: 0}
--- !u!1 &773080967038626922
GameObject:
  m_ObjectHideFlags: 0
  m_CorrespondingSourceObject: {fileID: 0}
  m_PrefabInstance: {fileID: 0}
  m_PrefabAsset: {fileID: 0}
  serializedVersion: 6
  m_Component:
  - component: {fileID: 5105393271000296535}
  - component: {fileID: 4217694825746626718}
  m_Layer: 0
  m_Name: MaleBreath
  m_TagString: Untagged
  m_Icon: {fileID: 0}
  m_NavMeshLayer: 0
  m_StaticEditorFlags: 0
  m_IsActive: 1
--- !u!4 &5105393271000296535
Transform:
  m_ObjectHideFlags: 0
  m_CorrespondingSourceObject: {fileID: 0}
  m_PrefabInstance: {fileID: 0}
  m_PrefabAsset: {fileID: 0}
  m_GameObject: {fileID: 773080967038626922}
  m_LocalRotation: {x: 0, y: 0, z: 0, w: 1}
  m_LocalPosition: {x: 0, y: 0, z: 0}
  m_LocalScale: {x: 1, y: 1, z: 1}
  m_Children: []
  m_Father: {fileID: 1979104133470193205}
  m_RootOrder: 2
  m_LocalEulerAnglesHint: {x: 0, y: 0, z: 0}
--- !u!82 &4217694825746626718
AudioSource:
  m_ObjectHideFlags: 0
  m_CorrespondingSourceObject: {fileID: 0}
  m_PrefabInstance: {fileID: 0}
  m_PrefabAsset: {fileID: 0}
  m_GameObject: {fileID: 773080967038626922}
  m_Enabled: 1
  serializedVersion: 4
  OutputAudioMixerGroup: {fileID: -5853274054867425870, guid: ffee8a0c0460a6a46a01fe6dac6690aa,
    type: 2}
  m_audioClip: {fileID: 8300000, guid: 4be9f25858e33b04da0638106aeb97aa, type: 3}
  m_PlayOnAwake: 0
  m_Volume: 1
  m_Pitch: 1
  Loop: 0
  Mute: 0
  Spatialize: 0
  SpatializePostEffects: 0
  Priority: 128
  DopplerLevel: 1
  MinDistance: 1
  MaxDistance: 500
  Pan2D: 0
  rolloffMode: 0
  BypassEffects: 0
  BypassListenerEffects: 0
  BypassReverbZones: 0
  rolloffCustomCurve:
    serializedVersion: 2
    m_Curve:
    - serializedVersion: 3
      time: 0
      value: 1
      inSlope: 0
      outSlope: 0
      tangentMode: 0
      weightedMode: 0
      inWeight: 0.33333334
      outWeight: 0.33333334
    - serializedVersion: 3
      time: 1
      value: 0
      inSlope: 0
      outSlope: 0
      tangentMode: 0
      weightedMode: 0
      inWeight: 0.33333334
      outWeight: 0.33333334
    m_PreInfinity: 2
    m_PostInfinity: 2
    m_RotationOrder: 4
  panLevelCustomCurve:
    serializedVersion: 2
    m_Curve:
    - serializedVersion: 3
      time: 0
      value: 0
      inSlope: 0
      outSlope: 0
      tangentMode: 0
      weightedMode: 0
      inWeight: 0.33333334
      outWeight: 0.33333334
    m_PreInfinity: 2
    m_PostInfinity: 2
    m_RotationOrder: 4
  spreadCustomCurve:
    serializedVersion: 2
    m_Curve:
    - serializedVersion: 3
      time: 0
      value: 0
      inSlope: 0
      outSlope: 0
      tangentMode: 0
      weightedMode: 0
      inWeight: 0.33333334
      outWeight: 0.33333334
    m_PreInfinity: 2
    m_PostInfinity: 2
    m_RotationOrder: 4
  reverbZoneMixCustomCurve:
    serializedVersion: 2
    m_Curve:
    - serializedVersion: 3
      time: 0
      value: 1
      inSlope: 0
      outSlope: 0
      tangentMode: 0
      weightedMode: 0
      inWeight: 0.33333334
      outWeight: 0.33333334
    m_PreInfinity: 2
    m_PostInfinity: 2
    m_RotationOrder: 4
--- !u!1 &2442454076371937652
GameObject:
  m_ObjectHideFlags: 0
  m_CorrespondingSourceObject: {fileID: 0}
  m_PrefabInstance: {fileID: 0}
  m_PrefabAsset: {fileID: 0}
  serializedVersion: 6
  m_Component:
  - component: {fileID: 2031175719439061410}
  - component: {fileID: 2271777988194899978}
  - component: {fileID: 9054194580879046039}
  m_Layer: 0
  m_Name: GunContainer
  m_TagString: GunContainer
  m_Icon: {fileID: 0}
  m_NavMeshLayer: 0
  m_StaticEditorFlags: 0
  m_IsActive: 1
--- !u!4 &2031175719439061410
Transform:
  m_ObjectHideFlags: 0
  m_CorrespondingSourceObject: {fileID: 0}
  m_PrefabInstance: {fileID: 0}
  m_PrefabAsset: {fileID: 0}
  m_GameObject: {fileID: 2442454076371937652}
  m_LocalRotation: {x: 0, y: 0.9975641, z: -0, w: -0.06975647}
  m_LocalPosition: {x: 0.5, y: -0.3, z: 1}
  m_LocalScale: {x: 2, y: 2, z: 2}
  m_Children:
  - {fileID: 2413903751030160767}
  m_Father: {fileID: 8758387938547237991}
  m_RootOrder: 0
  m_LocalEulerAnglesHint: {x: 0, y: 188, z: 0}
--- !u!95 &2271777988194899978
Animator:
  serializedVersion: 3
  m_ObjectHideFlags: 0
  m_CorrespondingSourceObject: {fileID: 0}
  m_PrefabInstance: {fileID: 0}
  m_PrefabAsset: {fileID: 0}
  m_GameObject: {fileID: 2442454076371937652}
  m_Enabled: 1
  m_Avatar: {fileID: 0}
  m_Controller: {fileID: 9100000, guid: df8aeb432854b38439b8034856bd5ab6, type: 2}
  m_CullingMode: 0
  m_UpdateMode: 0
  m_ApplyRootMotion: 0
  m_LinearVelocityBlending: 0
  m_WarningMessage: 
  m_HasTransformHierarchy: 1
  m_AllowConstantClipSamplingOptimization: 1
  m_KeepAnimatorControllerStateOnDisable: 0
--- !u!114 &9054194580879046039
MonoBehaviour:
  m_ObjectHideFlags: 0
  m_CorrespondingSourceObject: {fileID: 0}
  m_PrefabInstance: {fileID: 0}
  m_PrefabAsset: {fileID: 0}
  m_GameObject: {fileID: 2442454076371937652}
  m_Enabled: 1
  m_EditorHideFlags: 0
  m_Script: {fileID: 11500000, guid: 3cbdefb960624df4081bb88b40592333, type: 3}
  m_Name: 
  m_EditorClassIdentifier: 
  gunAnimatior: {fileID: 2271777988194899978}
  motor: {fileID: 6743796109252642395}
--- !u!1 &4022703702066957661
GameObject:
  m_ObjectHideFlags: 0
  m_CorrespondingSourceObject: {fileID: 0}
  m_PrefabInstance: {fileID: 0}
  m_PrefabAsset: {fileID: 0}
  serializedVersion: 6
  m_Component:
  - component: {fileID: 6538439491455900605}
  m_Layer: 0
  m_Name: MeleeContainer
  m_TagString: MeleeContainer
  m_Icon: {fileID: 0}
  m_NavMeshLayer: 0
  m_StaticEditorFlags: 0
  m_IsActive: 1
--- !u!4 &6538439491455900605
Transform:
  m_ObjectHideFlags: 0
  m_CorrespondingSourceObject: {fileID: 0}
  m_PrefabInstance: {fileID: 0}
  m_PrefabAsset: {fileID: 0}
  m_GameObject: {fileID: 4022703702066957661}
  m_LocalRotation: {x: 0, y: 0.9975641, z: -0, w: -0.06975647}
  m_LocalPosition: {x: 0.3, y: -0.3, z: 1}
  m_LocalScale: {x: 2, y: 2, z: 2}
  m_Children: []
  m_Father: {fileID: 8758387938547237991}
  m_RootOrder: 1
  m_LocalEulerAnglesHint: {x: 0, y: 188, z: 0}
--- !u!1 &4832370012221965204
GameObject:
  m_ObjectHideFlags: 0
  m_CorrespondingSourceObject: {fileID: 0}
  m_PrefabInstance: {fileID: 0}
  m_PrefabAsset: {fileID: 0}
  serializedVersion: 6
  m_Component:
  - component: {fileID: 8328207203275097962}
  - component: {fileID: 6695609106334948395}
  m_Layer: 0
  m_Name: FemaleJumpAndLand
  m_TagString: Untagged
  m_Icon: {fileID: 0}
  m_NavMeshLayer: 0
  m_StaticEditorFlags: 0
  m_IsActive: 1
--- !u!4 &8328207203275097962
Transform:
  m_ObjectHideFlags: 0
  m_CorrespondingSourceObject: {fileID: 0}
  m_PrefabInstance: {fileID: 0}
  m_PrefabAsset: {fileID: 0}
  m_GameObject: {fileID: 4832370012221965204}
  m_LocalRotation: {x: 0, y: 0, z: 0, w: 1}
  m_LocalPosition: {x: 0, y: 0, z: 0}
  m_LocalScale: {x: 1, y: 1, z: 1}
  m_Children: []
  m_Father: {fileID: 8207630583561963584}
  m_RootOrder: 1
  m_LocalEulerAnglesHint: {x: 0, y: 0, z: 0}
--- !u!82 &6695609106334948395
AudioSource:
  m_ObjectHideFlags: 0
  m_CorrespondingSourceObject: {fileID: 0}
  m_PrefabInstance: {fileID: 0}
  m_PrefabAsset: {fileID: 0}
  m_GameObject: {fileID: 4832370012221965204}
  m_Enabled: 1
  serializedVersion: 4
  OutputAudioMixerGroup: {fileID: -5853274054867425870, guid: ffee8a0c0460a6a46a01fe6dac6690aa,
    type: 2}
  m_audioClip: {fileID: 8300000, guid: 51035cde34a48ab4e9d8f5e1930a5278, type: 3}
  m_PlayOnAwake: 0
  m_Volume: 1
  m_Pitch: 1
  Loop: 0
  Mute: 0
  Spatialize: 0
  SpatializePostEffects: 0
  Priority: 128
  DopplerLevel: 1
  MinDistance: 1
  MaxDistance: 500
  Pan2D: 0
  rolloffMode: 0
  BypassEffects: 0
  BypassListenerEffects: 0
  BypassReverbZones: 0
  rolloffCustomCurve:
    serializedVersion: 2
    m_Curve:
    - serializedVersion: 3
      time: 0
      value: 1
      inSlope: 0
      outSlope: 0
      tangentMode: 0
      weightedMode: 0
      inWeight: 0.33333334
      outWeight: 0.33333334
    - serializedVersion: 3
      time: 1
      value: 0
      inSlope: 0
      outSlope: 0
      tangentMode: 0
      weightedMode: 0
      inWeight: 0.33333334
      outWeight: 0.33333334
    m_PreInfinity: 2
    m_PostInfinity: 2
    m_RotationOrder: 4
  panLevelCustomCurve:
    serializedVersion: 2
    m_Curve:
    - serializedVersion: 3
      time: 0
      value: 0
      inSlope: 0
      outSlope: 0
      tangentMode: 0
      weightedMode: 0
      inWeight: 0.33333334
      outWeight: 0.33333334
    m_PreInfinity: 2
    m_PostInfinity: 2
    m_RotationOrder: 4
  spreadCustomCurve:
    serializedVersion: 2
    m_Curve:
    - serializedVersion: 3
      time: 0
      value: 0
      inSlope: 0
      outSlope: 0
      tangentMode: 0
      weightedMode: 0
      inWeight: 0.33333334
      outWeight: 0.33333334
    m_PreInfinity: 2
    m_PostInfinity: 2
    m_RotationOrder: 4
  reverbZoneMixCustomCurve:
    serializedVersion: 2
    m_Curve:
    - serializedVersion: 3
      time: 0
      value: 1
      inSlope: 0
      outSlope: 0
      tangentMode: 0
      weightedMode: 0
      inWeight: 0.33333334
      outWeight: 0.33333334
    m_PreInfinity: 2
    m_PostInfinity: 2
    m_RotationOrder: 4
--- !u!1 &5600500431981323463
GameObject:
  m_ObjectHideFlags: 0
  m_CorrespondingSourceObject: {fileID: 0}
  m_PrefabInstance: {fileID: 0}
  m_PrefabAsset: {fileID: 0}
  serializedVersion: 6
  m_Component:
  - component: {fileID: 8207630583561963584}
  m_Layer: 0
  m_Name: FemaleVoices
  m_TagString: Untagged
  m_Icon: {fileID: 0}
  m_NavMeshLayer: 0
  m_StaticEditorFlags: 0
  m_IsActive: 1
--- !u!4 &8207630583561963584
Transform:
  m_ObjectHideFlags: 0
  m_CorrespondingSourceObject: {fileID: 0}
  m_PrefabInstance: {fileID: 0}
  m_PrefabAsset: {fileID: 0}
  m_GameObject: {fileID: 5600500431981323463}
  m_LocalRotation: {x: 0, y: 0, z: 0, w: 1}
  m_LocalPosition: {x: 0, y: 0, z: 0}
  m_LocalScale: {x: 1, y: 1, z: 1}
  m_Children:
  - {fileID: 2372215649625609332}
  - {fileID: 8328207203275097962}
  - {fileID: 2455353771631330036}
  m_Father: {fileID: 173156728259712482}
  m_RootOrder: 7
  m_LocalEulerAnglesHint: {x: 0, y: 0, z: 0}
--- !u!1 &7166399166927218269
GameObject:
  m_ObjectHideFlags: 0
  m_CorrespondingSourceObject: {fileID: 0}
  m_PrefabInstance: {fileID: 0}
  m_PrefabAsset: {fileID: 0}
  serializedVersion: 6
  m_Component:
  - component: {fileID: 8758387938547237991}
  - component: {fileID: 6361925505155118096}
  - component: {fileID: 2849098331479322876}
  - component: {fileID: 7595600689980921304}
  - component: {fileID: 3667769816654246720}
  - component: {fileID: 1671975010387871899}
  m_Layer: 0
  m_Name: PlayerCamera
  m_TagString: Untagged
  m_Icon: {fileID: 0}
  m_NavMeshLayer: 0
  m_StaticEditorFlags: 0
  m_IsActive: 1
--- !u!4 &8758387938547237991
Transform:
  m_ObjectHideFlags: 0
  m_CorrespondingSourceObject: {fileID: 0}
  m_PrefabInstance: {fileID: 0}
  m_PrefabAsset: {fileID: 0}
  m_GameObject: {fileID: 7166399166927218269}
  m_LocalRotation: {x: -0, y: -0, z: -0, w: 1}
  m_LocalPosition: {x: 0, y: 0.6, z: 0}
  m_LocalScale: {x: 1, y: 1, z: 1}
  m_Children:
  - {fileID: 2031175719439061410}
  - {fileID: 6538439491455900605}
  m_Father: {fileID: 173156728259712482}
  m_RootOrder: 0
  m_LocalEulerAnglesHint: {x: 0, y: 0, z: 0}
--- !u!20 &6361925505155118096
Camera:
  m_ObjectHideFlags: 0
  m_CorrespondingSourceObject: {fileID: 0}
  m_PrefabInstance: {fileID: 0}
  m_PrefabAsset: {fileID: 0}
  m_GameObject: {fileID: 7166399166927218269}
  m_Enabled: 1
  serializedVersion: 2
  m_ClearFlags: 1
  m_BackGroundColor: {r: 0.19215687, g: 0.3019608, b: 0.4745098, a: 0}
  m_projectionMatrixMode: 1
  m_GateFitMode: 2
  m_FOVAxisMode: 0
  m_SensorSize: {x: 36, y: 24}
  m_LensShift: {x: 0, y: 0}
  m_FocalLength: 50
  m_NormalizedViewPortRect:
    serializedVersion: 2
    x: 0
    y: 0
    width: 1
    height: 1
  near clip plane: 0.3
  far clip plane: 1000
  field of view: 60
  orthographic: 0
  orthographic size: 5
  m_Depth: 0
  m_CullingMask:
    serializedVersion: 2
    m_Bits: 4294967295
  m_RenderingPath: -1
  m_TargetTexture: {fileID: 0}
  m_TargetDisplay: 0
  m_TargetEye: 3
  m_HDR: 1
  m_AllowMSAA: 1
  m_AllowDynamicResolution: 0
  m_ForceIntoRT: 0
  m_OcclusionCulling: 1
  m_StereoConvergence: 10
  m_StereoSeparation: 0.022
--- !u!81 &2849098331479322876
AudioListener:
  m_ObjectHideFlags: 0
  m_CorrespondingSourceObject: {fileID: 0}
  m_PrefabInstance: {fileID: 0}
  m_PrefabAsset: {fileID: 0}
  m_GameObject: {fileID: 7166399166927218269}
  m_Enabled: 1
--- !u!114 &7595600689980921304
MonoBehaviour:
  m_ObjectHideFlags: 0
  m_CorrespondingSourceObject: {fileID: 0}
  m_PrefabInstance: {fileID: 0}
  m_PrefabAsset: {fileID: 0}
  m_GameObject: {fileID: 7166399166927218269}
  m_Enabled: 1
  m_EditorHideFlags: 0
  m_Script: {fileID: 11500000, guid: 6229832fd75a87c499b808a2142cbd8a, type: 3}
  m_Name: 
  m_EditorClassIdentifier: 
  audioMixer: {fileID: 24100000, guid: ffee8a0c0460a6a46a01fe6dac6690aa, type: 2}
--- !u!82 &3667769816654246720
AudioSource:
  m_ObjectHideFlags: 0
  m_CorrespondingSourceObject: {fileID: 0}
  m_PrefabInstance: {fileID: 0}
  m_PrefabAsset: {fileID: 0}
  m_GameObject: {fileID: 7166399166927218269}
  m_Enabled: 1
  serializedVersion: 4
  OutputAudioMixerGroup: {fileID: -5372553405695723614, guid: ffee8a0c0460a6a46a01fe6dac6690aa,
    type: 2}
  m_audioClip: {fileID: 8300000, guid: d975b810754ce5b4abf417a0c52be9fa, type: 3}
  m_PlayOnAwake: 1
  m_Volume: 1
  m_Pitch: 1
  Loop: 1
  Mute: 0
  Spatialize: 0
  SpatializePostEffects: 0
  Priority: 128
  DopplerLevel: 1
  MinDistance: 1
  MaxDistance: 500
  Pan2D: 0
  rolloffMode: 0
  BypassEffects: 0
  BypassListenerEffects: 0
  BypassReverbZones: 0
  rolloffCustomCurve:
    serializedVersion: 2
    m_Curve:
    - serializedVersion: 3
      time: 0
      value: 1
      inSlope: 0
      outSlope: 0
      tangentMode: 0
      weightedMode: 0
      inWeight: 0.33333334
      outWeight: 0.33333334
    - serializedVersion: 3
      time: 1
      value: 0
      inSlope: 0
      outSlope: 0
      tangentMode: 0
      weightedMode: 0
      inWeight: 0.33333334
      outWeight: 0.33333334
    m_PreInfinity: 2
    m_PostInfinity: 2
    m_RotationOrder: 4
  panLevelCustomCurve:
    serializedVersion: 2
    m_Curve:
    - serializedVersion: 3
      time: 0
      value: 0
      inSlope: 0
      outSlope: 0
      tangentMode: 0
      weightedMode: 0
      inWeight: 0.33333334
      outWeight: 0.33333334
    m_PreInfinity: 2
    m_PostInfinity: 2
    m_RotationOrder: 4
  spreadCustomCurve:
    serializedVersion: 2
    m_Curve:
    - serializedVersion: 3
      time: 0
      value: 0
      inSlope: 0
      outSlope: 0
      tangentMode: 0
      weightedMode: 0
      inWeight: 0.33333334
      outWeight: 0.33333334
    m_PreInfinity: 2
    m_PostInfinity: 2
    m_RotationOrder: 4
  reverbZoneMixCustomCurve:
    serializedVersion: 2
    m_Curve:
    - serializedVersion: 3
      time: 0
      value: 1
      inSlope: 0
      outSlope: 0
      tangentMode: 0
      weightedMode: 0
      inWeight: 0.33333334
      outWeight: 0.33333334
    m_PreInfinity: 2
    m_PostInfinity: 2
    m_RotationOrder: 4
--- !u!95 &1671975010387871899
Animator:
  serializedVersion: 3
  m_ObjectHideFlags: 0
  m_CorrespondingSourceObject: {fileID: 0}
  m_PrefabInstance: {fileID: 0}
  m_PrefabAsset: {fileID: 0}
  m_GameObject: {fileID: 7166399166927218269}
  m_Enabled: 1
  m_Avatar: {fileID: 0}
  m_Controller: {fileID: 9100000, guid: 9344f7cdd7683a24eaf4af51fd42b2a2, type: 2}
  m_CullingMode: 0
  m_UpdateMode: 0
  m_ApplyRootMotion: 0
  m_LinearVelocityBlending: 0
  m_WarningMessage: 
  m_HasTransformHierarchy: 1
  m_AllowConstantClipSamplingOptimization: 1
  m_KeepAnimatorControllerStateOnDisable: 0
--- !u!1 &8449365394449958807
GameObject:
  m_ObjectHideFlags: 0
  m_CorrespondingSourceObject: {fileID: 0}
  m_PrefabInstance: {fileID: 0}
  m_PrefabAsset: {fileID: 0}
  serializedVersion: 6
  m_Component:
  - component: {fileID: 1864952062497218224}
  - component: {fileID: 8973742090412823899}
  m_Layer: 0
  m_Name: MaleJumpAndLand
  m_TagString: Untagged
  m_Icon: {fileID: 0}
  m_NavMeshLayer: 0
  m_StaticEditorFlags: 0
  m_IsActive: 1
--- !u!4 &1864952062497218224
Transform:
  m_ObjectHideFlags: 0
  m_CorrespondingSourceObject: {fileID: 0}
  m_PrefabInstance: {fileID: 0}
  m_PrefabAsset: {fileID: 0}
  m_GameObject: {fileID: 8449365394449958807}
  m_LocalRotation: {x: 0, y: 0, z: 0, w: 1}
  m_LocalPosition: {x: 0, y: 0, z: 0}
  m_LocalScale: {x: 1, y: 1, z: 1}
  m_Children: []
  m_Father: {fileID: 1979104133470193205}
  m_RootOrder: 1
  m_LocalEulerAnglesHint: {x: 0, y: 0, z: 0}
--- !u!82 &8973742090412823899
AudioSource:
  m_ObjectHideFlags: 0
  m_CorrespondingSourceObject: {fileID: 0}
  m_PrefabInstance: {fileID: 0}
  m_PrefabAsset: {fileID: 0}
  m_GameObject: {fileID: 8449365394449958807}
  m_Enabled: 1
  serializedVersion: 4
  OutputAudioMixerGroup: {fileID: -5853274054867425870, guid: ffee8a0c0460a6a46a01fe6dac6690aa,
    type: 2}
  m_audioClip: {fileID: 8300000, guid: 407eff126444d6b41993548606ff87c1, type: 3}
  m_PlayOnAwake: 0
  m_Volume: 1
  m_Pitch: 1
  Loop: 0
  Mute: 0
  Spatialize: 0
  SpatializePostEffects: 0
  Priority: 128
  DopplerLevel: 1
  MinDistance: 1
  MaxDistance: 500
  Pan2D: 0
  rolloffMode: 0
  BypassEffects: 0
  BypassListenerEffects: 0
  BypassReverbZones: 0
  rolloffCustomCurve:
    serializedVersion: 2
    m_Curve:
    - serializedVersion: 3
      time: 0
      value: 1
      inSlope: 0
      outSlope: 0
      tangentMode: 0
      weightedMode: 0
      inWeight: 0.33333334
      outWeight: 0.33333334
    - serializedVersion: 3
      time: 1
      value: 0
      inSlope: 0
      outSlope: 0
      tangentMode: 0
      weightedMode: 0
      inWeight: 0.33333334
      outWeight: 0.33333334
    m_PreInfinity: 2
    m_PostInfinity: 2
    m_RotationOrder: 4
  panLevelCustomCurve:
    serializedVersion: 2
    m_Curve:
    - serializedVersion: 3
      time: 0
      value: 0
      inSlope: 0
      outSlope: 0
      tangentMode: 0
      weightedMode: 0
      inWeight: 0.33333334
      outWeight: 0.33333334
    m_PreInfinity: 2
    m_PostInfinity: 2
    m_RotationOrder: 4
  spreadCustomCurve:
    serializedVersion: 2
    m_Curve:
    - serializedVersion: 3
      time: 0
      value: 0
      inSlope: 0
      outSlope: 0
      tangentMode: 0
      weightedMode: 0
      inWeight: 0.33333334
      outWeight: 0.33333334
    m_PreInfinity: 2
    m_PostInfinity: 2
    m_RotationOrder: 4
  reverbZoneMixCustomCurve:
    serializedVersion: 2
    m_Curve:
    - serializedVersion: 3
      time: 0
      value: 1
      inSlope: 0
      outSlope: 0
      tangentMode: 0
      weightedMode: 0
      inWeight: 0.33333334
      outWeight: 0.33333334
    m_PreInfinity: 2
    m_PostInfinity: 2
    m_RotationOrder: 4
--- !u!1 &8726687437537185766
GameObject:
  m_ObjectHideFlags: 0
  m_CorrespondingSourceObject: {fileID: 0}
  m_PrefabInstance: {fileID: 0}
  m_PrefabAsset: {fileID: 0}
  serializedVersion: 6
  m_Component:
  - component: {fileID: 2372215649625609332}
  - component: {fileID: 3655671035622408708}
  m_Layer: 0
  m_Name: FemaleHit
  m_TagString: Untagged
  m_Icon: {fileID: 0}
  m_NavMeshLayer: 0
  m_StaticEditorFlags: 0
  m_IsActive: 1
--- !u!4 &2372215649625609332
Transform:
  m_ObjectHideFlags: 0
  m_CorrespondingSourceObject: {fileID: 0}
  m_PrefabInstance: {fileID: 0}
  m_PrefabAsset: {fileID: 0}
  m_GameObject: {fileID: 8726687437537185766}
  m_LocalRotation: {x: 0, y: 0, z: 0, w: 1}
  m_LocalPosition: {x: 0, y: 0, z: 0}
  m_LocalScale: {x: 1, y: 1, z: 1}
  m_Children: []
  m_Father: {fileID: 8207630583561963584}
  m_RootOrder: 0
  m_LocalEulerAnglesHint: {x: 0, y: 0, z: 0}
--- !u!82 &3655671035622408708
AudioSource:
  m_ObjectHideFlags: 0
  m_CorrespondingSourceObject: {fileID: 0}
  m_PrefabInstance: {fileID: 0}
  m_PrefabAsset: {fileID: 0}
  m_GameObject: {fileID: 8726687437537185766}
  m_Enabled: 1
  serializedVersion: 4
  OutputAudioMixerGroup: {fileID: -5853274054867425870, guid: ffee8a0c0460a6a46a01fe6dac6690aa,
    type: 2}
  m_audioClip: {fileID: 8300000, guid: c5b5f9d1e2023fa4e9ac7fb1d3600a4c, type: 3}
  m_PlayOnAwake: 0
  m_Volume: 1
  m_Pitch: 1
  Loop: 0
  Mute: 0
  Spatialize: 0
  SpatializePostEffects: 0
  Priority: 128
  DopplerLevel: 1
  MinDistance: 1
  MaxDistance: 500
  Pan2D: 0
  rolloffMode: 0
  BypassEffects: 0
  BypassListenerEffects: 0
  BypassReverbZones: 0
  rolloffCustomCurve:
    serializedVersion: 2
    m_Curve:
    - serializedVersion: 3
      time: 0
      value: 1
      inSlope: 0
      outSlope: 0
      tangentMode: 0
      weightedMode: 0
      inWeight: 0.33333334
      outWeight: 0.33333334
    - serializedVersion: 3
      time: 1
      value: 0
      inSlope: 0
      outSlope: 0
      tangentMode: 0
      weightedMode: 0
      inWeight: 0.33333334
      outWeight: 0.33333334
    m_PreInfinity: 2
    m_PostInfinity: 2
    m_RotationOrder: 4
  panLevelCustomCurve:
    serializedVersion: 2
    m_Curve:
    - serializedVersion: 3
      time: 0
      value: 0
      inSlope: 0
      outSlope: 0
      tangentMode: 0
      weightedMode: 0
      inWeight: 0.33333334
      outWeight: 0.33333334
    m_PreInfinity: 2
    m_PostInfinity: 2
    m_RotationOrder: 4
  spreadCustomCurve:
    serializedVersion: 2
    m_Curve:
    - serializedVersion: 3
      time: 0
      value: 0
      inSlope: 0
      outSlope: 0
      tangentMode: 0
      weightedMode: 0
      inWeight: 0.33333334
      outWeight: 0.33333334
    m_PreInfinity: 2
    m_PostInfinity: 2
    m_RotationOrder: 4
  reverbZoneMixCustomCurve:
    serializedVersion: 2
    m_Curve:
    - serializedVersion: 3
      time: 0
      value: 1
      inSlope: 0
      outSlope: 0
      tangentMode: 0
      weightedMode: 0
      inWeight: 0.33333334
      outWeight: 0.33333334
    m_PreInfinity: 2
    m_PostInfinity: 2
    m_RotationOrder: 4
--- !u!1 &8822839076385237848
GameObject:
  m_ObjectHideFlags: 0
  m_CorrespondingSourceObject: {fileID: 0}
  m_PrefabInstance: {fileID: 0}
  m_PrefabAsset: {fileID: 0}
  serializedVersion: 6
  m_Component:
  - component: {fileID: 2455353771631330036}
  - component: {fileID: 9090573282181475018}
  m_Layer: 0
  m_Name: FemaleBreath
  m_TagString: Untagged
  m_Icon: {fileID: 0}
  m_NavMeshLayer: 0
  m_StaticEditorFlags: 0
  m_IsActive: 1
--- !u!4 &2455353771631330036
Transform:
  m_ObjectHideFlags: 0
  m_CorrespondingSourceObject: {fileID: 0}
  m_PrefabInstance: {fileID: 0}
  m_PrefabAsset: {fileID: 0}
  m_GameObject: {fileID: 8822839076385237848}
  m_LocalRotation: {x: 0, y: 0, z: 0, w: 1}
  m_LocalPosition: {x: 0, y: 0, z: 0}
  m_LocalScale: {x: 1, y: 1, z: 1}
  m_Children: []
  m_Father: {fileID: 8207630583561963584}
  m_RootOrder: 2
  m_LocalEulerAnglesHint: {x: 0, y: 0, z: 0}
--- !u!82 &9090573282181475018
AudioSource:
  m_ObjectHideFlags: 0
  m_CorrespondingSourceObject: {fileID: 0}
  m_PrefabInstance: {fileID: 0}
  m_PrefabAsset: {fileID: 0}
  m_GameObject: {fileID: 8822839076385237848}
  m_Enabled: 1
  serializedVersion: 4
  OutputAudioMixerGroup: {fileID: -5853274054867425870, guid: ffee8a0c0460a6a46a01fe6dac6690aa,
    type: 2}
  m_audioClip: {fileID: 8300000, guid: f2d0da871bde3b2418d36da337cf20a4, type: 3}
  m_PlayOnAwake: 0
  m_Volume: 1
  m_Pitch: 1
  Loop: 0
  Mute: 0
  Spatialize: 0
  SpatializePostEffects: 0
  Priority: 128
  DopplerLevel: 1
  MinDistance: 1
  MaxDistance: 500
  Pan2D: 0
  rolloffMode: 0
  BypassEffects: 0
  BypassListenerEffects: 0
  BypassReverbZones: 0
  rolloffCustomCurve:
    serializedVersion: 2
    m_Curve:
    - serializedVersion: 3
      time: 0
      value: 1
      inSlope: 0
      outSlope: 0
      tangentMode: 0
      weightedMode: 0
      inWeight: 0.33333334
      outWeight: 0.33333334
    - serializedVersion: 3
      time: 1
      value: 0
      inSlope: 0
      outSlope: 0
      tangentMode: 0
      weightedMode: 0
      inWeight: 0.33333334
      outWeight: 0.33333334
    m_PreInfinity: 2
    m_PostInfinity: 2
    m_RotationOrder: 4
  panLevelCustomCurve:
    serializedVersion: 2
    m_Curve:
    - serializedVersion: 3
      time: 0
      value: 0
      inSlope: 0
      outSlope: 0
      tangentMode: 0
      weightedMode: 0
      inWeight: 0.33333334
      outWeight: 0.33333334
    m_PreInfinity: 2
    m_PostInfinity: 2
    m_RotationOrder: 4
  spreadCustomCurve:
    serializedVersion: 2
    m_Curve:
    - serializedVersion: 3
      time: 0
      value: 0
      inSlope: 0
      outSlope: 0
      tangentMode: 0
      weightedMode: 0
      inWeight: 0.33333334
      outWeight: 0.33333334
    m_PreInfinity: 2
    m_PostInfinity: 2
    m_RotationOrder: 4
  reverbZoneMixCustomCurve:
    serializedVersion: 2
    m_Curve:
    - serializedVersion: 3
      time: 0
      value: 1
      inSlope: 0
      outSlope: 0
      tangentMode: 0
      weightedMode: 0
      inWeight: 0.33333334
      outWeight: 0.33333334
    m_PreInfinity: 2
    m_PostInfinity: 2
    m_RotationOrder: 4
--- !u!1 &8887738069383053751
GameObject:
  m_ObjectHideFlags: 0
  m_CorrespondingSourceObject: {fileID: 0}
  m_PrefabInstance: {fileID: 0}
  m_PrefabAsset: {fileID: 0}
  serializedVersion: 6
  m_Component:
  - component: {fileID: 5312336426706659349}
  - component: {fileID: 5625828755661259710}
  m_Layer: 0
  m_Name: MaleHit
  m_TagString: Untagged
  m_Icon: {fileID: 0}
  m_NavMeshLayer: 0
  m_StaticEditorFlags: 0
  m_IsActive: 1
--- !u!4 &5312336426706659349
Transform:
  m_ObjectHideFlags: 0
  m_CorrespondingSourceObject: {fileID: 0}
  m_PrefabInstance: {fileID: 0}
  m_PrefabAsset: {fileID: 0}
  m_GameObject: {fileID: 8887738069383053751}
  m_LocalRotation: {x: 0, y: 0, z: 0, w: 1}
  m_LocalPosition: {x: 0, y: 0, z: 0}
  m_LocalScale: {x: 1, y: 1, z: 1}
  m_Children: []
  m_Father: {fileID: 1979104133470193205}
  m_RootOrder: 0
  m_LocalEulerAnglesHint: {x: 0, y: 0, z: 0}
--- !u!82 &5625828755661259710
AudioSource:
  m_ObjectHideFlags: 0
  m_CorrespondingSourceObject: {fileID: 0}
  m_PrefabInstance: {fileID: 0}
  m_PrefabAsset: {fileID: 0}
  m_GameObject: {fileID: 8887738069383053751}
  m_Enabled: 1
  serializedVersion: 4
  OutputAudioMixerGroup: {fileID: -5853274054867425870, guid: ffee8a0c0460a6a46a01fe6dac6690aa,
    type: 2}
  m_audioClip: {fileID: 8300000, guid: 572fe06c861000149bc4b51cc1fdb09d, type: 3}
  m_PlayOnAwake: 0
  m_Volume: 1
  m_Pitch: 1
  Loop: 0
  Mute: 0
  Spatialize: 0
  SpatializePostEffects: 0
  Priority: 128
  DopplerLevel: 1
  MinDistance: 1
  MaxDistance: 500
  Pan2D: 0
  rolloffMode: 0
  BypassEffects: 0
  BypassListenerEffects: 0
  BypassReverbZones: 0
  rolloffCustomCurve:
    serializedVersion: 2
    m_Curve:
    - serializedVersion: 3
      time: 0
      value: 1
      inSlope: 0
      outSlope: 0
      tangentMode: 0
      weightedMode: 0
      inWeight: 0.33333334
      outWeight: 0.33333334
    - serializedVersion: 3
      time: 1
      value: 0
      inSlope: 0
      outSlope: 0
      tangentMode: 0
      weightedMode: 0
      inWeight: 0.33333334
      outWeight: 0.33333334
    m_PreInfinity: 2
    m_PostInfinity: 2
    m_RotationOrder: 4
  panLevelCustomCurve:
    serializedVersion: 2
    m_Curve:
    - serializedVersion: 3
      time: 0
      value: 0
      inSlope: 0
      outSlope: 0
      tangentMode: 0
      weightedMode: 0
      inWeight: 0.33333334
      outWeight: 0.33333334
    m_PreInfinity: 2
    m_PostInfinity: 2
    m_RotationOrder: 4
  spreadCustomCurve:
    serializedVersion: 2
    m_Curve:
    - serializedVersion: 3
      time: 0
      value: 0
      inSlope: 0
      outSlope: 0
      tangentMode: 0
      weightedMode: 0
      inWeight: 0.33333334
      outWeight: 0.33333334
    m_PreInfinity: 2
    m_PostInfinity: 2
    m_RotationOrder: 4
  reverbZoneMixCustomCurve:
    serializedVersion: 2
    m_Curve:
    - serializedVersion: 3
      time: 0
      value: 1
      inSlope: 0
      outSlope: 0
      tangentMode: 0
      weightedMode: 0
      inWeight: 0.33333334
      outWeight: 0.33333334
    m_PreInfinity: 2
    m_PostInfinity: 2
    m_RotationOrder: 4
--- !u!1 &9075181875166761891
GameObject:
  m_ObjectHideFlags: 0
  m_CorrespondingSourceObject: {fileID: 0}
  m_PrefabInstance: {fileID: 0}
  m_PrefabAsset: {fileID: 0}
  serializedVersion: 6
  m_Component:
  - component: {fileID: 173156728259712482}
  - component: {fileID: 1102652755546427223}
  - component: {fileID: 8594686423924748875}
  - component: {fileID: 8144729108230210424}
  - component: {fileID: 6385660410789662657}
  - component: {fileID: 6743796109252642395}
  - component: {fileID: 4169521573548846295}
  - component: {fileID: 8496194671924298829}
  - component: {fileID: 3392589070860008287}
  - component: {fileID: 5765867985601006101}
  - component: {fileID: 1907075246389721495}
  - component: {fileID: 3986979300881905188}
  - component: {fileID: 491547807613425690}
  - component: {fileID: 6199644853821100509}
  m_Layer: 0
  m_Name: Player
  m_TagString: Player
  m_Icon: {fileID: 0}
  m_NavMeshLayer: 0
  m_StaticEditorFlags: 0
  m_IsActive: 1
--- !u!4 &173156728259712482
Transform:
  m_ObjectHideFlags: 0
  m_CorrespondingSourceObject: {fileID: 0}
  m_PrefabInstance: {fileID: 0}
  m_PrefabAsset: {fileID: 0}
  m_GameObject: {fileID: 9075181875166761891}
  m_LocalRotation: {x: 0, y: 0, z: 0, w: 1}
  m_LocalPosition: {x: 1.6422071, y: 1, z: -1.2910633}
  m_LocalScale: {x: 1, y: 1, z: 1}
  m_Children:
  - {fileID: 8758387938547237991}
  - {fileID: 4993024748364671306}
  - {fileID: 8836690245438931411}
  - {fileID: 8379756034721430924}
  - {fileID: 383882018456503113}
  - {fileID: 1336652477476725241}
  - {fileID: 1979104133470193205}
  - {fileID: 8207630583561963584}
  m_Father: {fileID: 0}
  m_RootOrder: 0
  m_LocalEulerAnglesHint: {x: 0, y: 0, z: 0}
--- !u!33 &1102652755546427223
MeshFilter:
  m_ObjectHideFlags: 0
  m_CorrespondingSourceObject: {fileID: 0}
  m_PrefabInstance: {fileID: 0}
  m_PrefabAsset: {fileID: 0}
  m_GameObject: {fileID: 9075181875166761891}
  m_Mesh: {fileID: 10206, guid: 0000000000000000e000000000000000, type: 0}
--- !u!23 &8594686423924748875
MeshRenderer:
  m_ObjectHideFlags: 0
  m_CorrespondingSourceObject: {fileID: 0}
  m_PrefabInstance: {fileID: 0}
  m_PrefabAsset: {fileID: 0}
  m_GameObject: {fileID: 9075181875166761891}
  m_Enabled: 1
  m_CastShadows: 1
  m_ReceiveShadows: 1
  m_DynamicOccludee: 1
  m_MotionVectors: 1
  m_LightProbeUsage: 1
  m_ReflectionProbeUsage: 1
  m_RayTracingMode: 2
  m_RayTraceProcedural: 0
  m_RenderingLayerMask: 1
  m_RendererPriority: 0
  m_Materials:
  - {fileID: 10303, guid: 0000000000000000f000000000000000, type: 0}
  m_StaticBatchInfo:
    firstSubMesh: 0
    subMeshCount: 0
  m_StaticBatchRoot: {fileID: 0}
  m_ProbeAnchor: {fileID: 0}
  m_LightProbeVolumeOverride: {fileID: 0}
  m_ScaleInLightmap: 1
  m_ReceiveGI: 1
  m_PreserveUVs: 0
  m_IgnoreNormalsForChartDetection: 0
  m_ImportantGI: 0
  m_StitchLightmapSeams: 1
  m_SelectedEditorRenderState: 3
  m_MinimumChartSize: 4
  m_AutoUVMaxDistance: 0.5
  m_AutoUVMaxAngle: 89
  m_LightmapParameters: {fileID: 0}
  m_SortingLayerID: 0
  m_SortingLayer: 0
  m_SortingOrder: 0
  m_AdditionalVertexStreams: {fileID: 0}
--- !u!143 &8144729108230210424
CharacterController:
  m_ObjectHideFlags: 0
  m_CorrespondingSourceObject: {fileID: 0}
  m_PrefabInstance: {fileID: 0}
  m_PrefabAsset: {fileID: 0}
  m_GameObject: {fileID: 9075181875166761891}
  m_Material: {fileID: 0}
  m_IsTrigger: 0
  m_Enabled: 1
  serializedVersion: 2
  m_Height: 2
  m_Radius: 0.5000001
  m_SlopeLimit: 45
  m_StepOffset: 0.3
  m_SkinWidth: 0.08
  m_MinMoveDistance: 0.001
  m_Center: {x: 0, y: 0, z: 0}
--- !u!114 &6385660410789662657
MonoBehaviour:
  m_ObjectHideFlags: 0
  m_CorrespondingSourceObject: {fileID: 0}
  m_PrefabInstance: {fileID: 0}
  m_PrefabAsset: {fileID: 0}
  m_GameObject: {fileID: 9075181875166761891}
  m_Enabled: 1
  m_EditorHideFlags: 0
  m_Script: {fileID: 11500000, guid: 0e63168cb30d67f4ca74d321774a4aac, type: 3}
  m_Name: 
  m_EditorClassIdentifier: 
--- !u!114 &6743796109252642395
MonoBehaviour:
  m_ObjectHideFlags: 0
  m_CorrespondingSourceObject: {fileID: 0}
  m_PrefabInstance: {fileID: 0}
  m_PrefabAsset: {fileID: 0}
  m_GameObject: {fileID: 9075181875166761891}
  m_Enabled: 1
  m_EditorHideFlags: 0
  m_Script: {fileID: 11500000, guid: 4f5c8f86fe4b18546a6e7f8efb1d8c14, type: 3}
  m_Name: 
  m_EditorClassIdentifier: 
  playerCam: {fileID: 6361925505155118096}
  voiceController: {fileID: 1907075246389721495}
  stamina: {fileID: 3392589070860008287}
  reloadsource: {fileID: 6199644853821100509}
  reload: {fileID: 8300000, guid: d0abce053047d7a4c935b39ac902447d, type: 3}
  running: 0
  sprinting: 0
  crouching: 0
  attack: 0
  speed: 5
  jumpHeight: 1
  crouchTimer: 3
  shooting: 0
--- !u!114 &4169521573548846295
MonoBehaviour:
  m_ObjectHideFlags: 0
  m_CorrespondingSourceObject: {fileID: 0}
  m_PrefabInstance: {fileID: 0}
  m_PrefabAsset: {fileID: 0}
  m_GameObject: {fileID: 9075181875166761891}
  m_Enabled: 1
  m_EditorHideFlags: 0
  m_Script: {fileID: 11500000, guid: 5cc472b610f215741a7fb0e20b807251, type: 3}
  m_Name: 
  m_EditorClassIdentifier: 
--- !u!114 &8496194671924298829
MonoBehaviour:
  m_ObjectHideFlags: 0
  m_CorrespondingSourceObject: {fileID: 0}
  m_PrefabInstance: {fileID: 0}
  m_PrefabAsset: {fileID: 0}
  m_GameObject: {fileID: 9075181875166761891}
  m_Enabled: 1
  m_EditorHideFlags: 0
  m_Script: {fileID: 11500000, guid: e2dad1786ef80414a99ff4db51520384, type: 3}
  m_Name: 
  m_EditorClassIdentifier: 
  cam: {fileID: 6361925505155118096}
  xSensitivty: 20
  ySensitivty: 20
--- !u!114 &3392589070860008287
MonoBehaviour:
  m_ObjectHideFlags: 0
  m_CorrespondingSourceObject: {fileID: 0}
  m_PrefabInstance: {fileID: 0}
  m_PrefabAsset: {fileID: 0}
  m_GameObject: {fileID: 9075181875166761891}
  m_Enabled: 1
  m_EditorHideFlags: 0
  m_Script: {fileID: 11500000, guid: adf5e4f222f79904f88df5bae977876e, type: 3}
  m_Name: 
  m_EditorClassIdentifier: 
  staminabar: {fileID: 5028913450799308975}
  allowSprinting: 0
--- !u!114 &5765867985601006101
MonoBehaviour:
  m_ObjectHideFlags: 0
  m_CorrespondingSourceObject: {fileID: 0}
  m_PrefabInstance: {fileID: 0}
  m_PrefabAsset: {fileID: 0}
  m_GameObject: {fileID: 9075181875166761891}
  m_Enabled: 1
  m_EditorHideFlags: 0
  m_Script: {fileID: 11500000, guid: 592183a9ccc2dcd4aab5153f2fed6782, type: 3}
  m_Name: 
  m_EditorClassIdentifier: 
  healtBar: {fileID: 8921641637541801853}
  playerhp: 100
  playerstamina: 100
--- !u!114 &1907075246389721495
MonoBehaviour:
  m_ObjectHideFlags: 0
  m_CorrespondingSourceObject: {fileID: 0}
  m_PrefabInstance: {fileID: 0}
  m_PrefabAsset: {fileID: 0}
  m_GameObject: {fileID: 9075181875166761891}
  m_Enabled: 1
  m_EditorHideFlags: 0
  m_Script: {fileID: 11500000, guid: f505eb9ad4cf6454b8d617e14418f5f1, type: 3}
  m_Name: 
  m_EditorClassIdentifier: 
--- !u!135 &3986979300881905188
SphereCollider:
  m_ObjectHideFlags: 0
  m_CorrespondingSourceObject: {fileID: 0}
  m_PrefabInstance: {fileID: 0}
  m_PrefabAsset: {fileID: 0}
  m_GameObject: {fileID: 9075181875166761891}
  m_Material: {fileID: 0}
  m_IsTrigger: 1
  m_Enabled: 1
  serializedVersion: 2
  m_Radius: 2.5
  m_Center: {x: 0, y: 0, z: 0}
--- !u!54 &491547807613425690
Rigidbody:
  m_ObjectHideFlags: 0
  m_CorrespondingSourceObject: {fileID: 0}
  m_PrefabInstance: {fileID: 0}
  m_PrefabAsset: {fileID: 0}
  m_GameObject: {fileID: 9075181875166761891}
  serializedVersion: 2
  m_Mass: 1
  m_Drag: 0
  m_AngularDrag: 0.05
  m_UseGravity: 0
  m_IsKinematic: 0
  m_Interpolate: 0
  m_Constraints: 0
  m_CollisionDetection: 0
--- !u!82 &6199644853821100509
AudioSource:
  m_ObjectHideFlags: 0
  m_CorrespondingSourceObject: {fileID: 0}
  m_PrefabInstance: {fileID: 0}
  m_PrefabAsset: {fileID: 0}
  m_GameObject: {fileID: 9075181875166761891}
  m_Enabled: 1
  serializedVersion: 4
  OutputAudioMixerGroup: {fileID: -5853274054867425870, guid: ffee8a0c0460a6a46a01fe6dac6690aa,
    type: 2}
  m_audioClip: {fileID: 8300000, guid: d0abce053047d7a4c935b39ac902447d, type: 3}
  m_PlayOnAwake: 0
  m_Volume: 1
  m_Pitch: 1
  Loop: 0
  Mute: 0
  Spatialize: 0
  SpatializePostEffects: 0
  Priority: 128
  DopplerLevel: 1
  MinDistance: 1
  MaxDistance: 500
  Pan2D: 0
  rolloffMode: 0
  BypassEffects: 0
  BypassListenerEffects: 0
  BypassReverbZones: 0
  rolloffCustomCurve:
    serializedVersion: 2
    m_Curve:
    - serializedVersion: 3
      time: 0
      value: 1
      inSlope: 0
      outSlope: 0
      tangentMode: 0
      weightedMode: 0
      inWeight: 0.33333334
      outWeight: 0.33333334
    - serializedVersion: 3
      time: 1
      value: 0
      inSlope: 0
      outSlope: 0
      tangentMode: 0
      weightedMode: 0
      inWeight: 0.33333334
      outWeight: 0.33333334
    m_PreInfinity: 2
    m_PostInfinity: 2
    m_RotationOrder: 4
  panLevelCustomCurve:
    serializedVersion: 2
    m_Curve:
    - serializedVersion: 3
      time: 0
      value: 0
      inSlope: 0
      outSlope: 0
      tangentMode: 0
      weightedMode: 0
      inWeight: 0.33333334
      outWeight: 0.33333334
    m_PreInfinity: 2
    m_PostInfinity: 2
    m_RotationOrder: 4
  spreadCustomCurve:
    serializedVersion: 2
    m_Curve:
    - serializedVersion: 3
      time: 0
      value: 0
      inSlope: 0
      outSlope: 0
      tangentMode: 0
      weightedMode: 0
      inWeight: 0.33333334
      outWeight: 0.33333334
    m_PreInfinity: 2
    m_PostInfinity: 2
    m_RotationOrder: 4
  reverbZoneMixCustomCurve:
    serializedVersion: 2
    m_Curve:
    - serializedVersion: 3
      time: 0
      value: 1
      inSlope: 0
      outSlope: 0
      tangentMode: 0
      weightedMode: 0
      inWeight: 0.33333334
      outWeight: 0.33333334
    m_PreInfinity: 2
    m_PostInfinity: 2
    m_RotationOrder: 4
--- !u!1001 &1293910065868524755
PrefabInstance:
  m_ObjectHideFlags: 0
  serializedVersion: 2
  m_Modification:
    m_TransformParent: {fileID: 173156728259712482}
    m_Modifications:
    - target: {fileID: 1004437555308847445, guid: b5b1b9ef31ad02849919bcae2826fe7d,
        type: 3}
      propertyPath: m_Name
      value: PlayerScoreNumber_Text
      objectReference: {fileID: 0}
    - target: {fileID: 5767135998210534886, guid: b5b1b9ef31ad02849919bcae2826fe7d,
        type: 3}
      propertyPath: m_AnchorMax.y
      value: 0
      objectReference: {fileID: 0}
    - target: {fileID: 5767135998210534886, guid: b5b1b9ef31ad02849919bcae2826fe7d,
        type: 3}
      propertyPath: m_AnchorMin.y
      value: 0
      objectReference: {fileID: 0}
    - target: {fileID: 5767135998210534886, guid: b5b1b9ef31ad02849919bcae2826fe7d,
        type: 3}
      propertyPath: m_SizeDelta.x
      value: 0
      objectReference: {fileID: 0}
    - target: {fileID: 5767135998210534886, guid: b5b1b9ef31ad02849919bcae2826fe7d,
        type: 3}
      propertyPath: m_SizeDelta.y
      value: 0
      objectReference: {fileID: 0}
    - target: {fileID: 5767135998210534886, guid: b5b1b9ef31ad02849919bcae2826fe7d,
        type: 3}
      propertyPath: m_AnchoredPosition.x
      value: 0
      objectReference: {fileID: 0}
    - target: {fileID: 5767135998210534886, guid: b5b1b9ef31ad02849919bcae2826fe7d,
        type: 3}
      propertyPath: m_AnchoredPosition.y
      value: 0
      objectReference: {fileID: 0}
    - target: {fileID: 5767135998483544031, guid: b5b1b9ef31ad02849919bcae2826fe7d,
        type: 3}
      propertyPath: m_AnchorMax.y
      value: 0
      objectReference: {fileID: 0}
    - target: {fileID: 5767135998483544031, guid: b5b1b9ef31ad02849919bcae2826fe7d,
        type: 3}
      propertyPath: m_AnchorMin.y
      value: 0
      objectReference: {fileID: 0}
    - target: {fileID: 5767135998483544031, guid: b5b1b9ef31ad02849919bcae2826fe7d,
        type: 3}
      propertyPath: m_SizeDelta.x
      value: 0
      objectReference: {fileID: 0}
    - target: {fileID: 5767135998483544031, guid: b5b1b9ef31ad02849919bcae2826fe7d,
        type: 3}
      propertyPath: m_SizeDelta.y
      value: 0
      objectReference: {fileID: 0}
    - target: {fileID: 5767135998483544031, guid: b5b1b9ef31ad02849919bcae2826fe7d,
        type: 3}
      propertyPath: m_AnchoredPosition.x
      value: 0
      objectReference: {fileID: 0}
    - target: {fileID: 5767135998483544031, guid: b5b1b9ef31ad02849919bcae2826fe7d,
        type: 3}
      propertyPath: m_AnchoredPosition.y
      value: 0
      objectReference: {fileID: 0}
    - target: {fileID: 5767135998581209074, guid: b5b1b9ef31ad02849919bcae2826fe7d,
        type: 3}
      propertyPath: m_AnchorMax.y
      value: 0
      objectReference: {fileID: 0}
    - target: {fileID: 5767135998581209074, guid: b5b1b9ef31ad02849919bcae2826fe7d,
        type: 3}
      propertyPath: m_AnchorMin.y
      value: 0
      objectReference: {fileID: 0}
    - target: {fileID: 5767135998581209074, guid: b5b1b9ef31ad02849919bcae2826fe7d,
        type: 3}
      propertyPath: m_SizeDelta.x
      value: 0
      objectReference: {fileID: 0}
    - target: {fileID: 5767135998581209074, guid: b5b1b9ef31ad02849919bcae2826fe7d,
        type: 3}
      propertyPath: m_SizeDelta.y
      value: 0
      objectReference: {fileID: 0}
    - target: {fileID: 5767135998581209074, guid: b5b1b9ef31ad02849919bcae2826fe7d,
        type: 3}
      propertyPath: m_AnchoredPosition.x
      value: 0
      objectReference: {fileID: 0}
    - target: {fileID: 5767135998581209074, guid: b5b1b9ef31ad02849919bcae2826fe7d,
        type: 3}
      propertyPath: m_AnchoredPosition.y
      value: 0
      objectReference: {fileID: 0}
    - target: {fileID: 5767135999212060088, guid: b5b1b9ef31ad02849919bcae2826fe7d,
        type: 3}
      propertyPath: m_AnchorMax.y
      value: 0
      objectReference: {fileID: 0}
    - target: {fileID: 5767135999212060088, guid: b5b1b9ef31ad02849919bcae2826fe7d,
        type: 3}
      propertyPath: m_AnchorMin.y
      value: 0
      objectReference: {fileID: 0}
    - target: {fileID: 5767135999212060088, guid: b5b1b9ef31ad02849919bcae2826fe7d,
        type: 3}
      propertyPath: m_SizeDelta.x
      value: 0
      objectReference: {fileID: 0}
    - target: {fileID: 5767135999212060088, guid: b5b1b9ef31ad02849919bcae2826fe7d,
        type: 3}
      propertyPath: m_SizeDelta.y
      value: 0
      objectReference: {fileID: 0}
    - target: {fileID: 5767135999212060088, guid: b5b1b9ef31ad02849919bcae2826fe7d,
        type: 3}
      propertyPath: m_AnchoredPosition.x
      value: 0
      objectReference: {fileID: 0}
    - target: {fileID: 5767135999212060088, guid: b5b1b9ef31ad02849919bcae2826fe7d,
        type: 3}
      propertyPath: m_AnchoredPosition.y
      value: 0
      objectReference: {fileID: 0}
    - target: {fileID: 5930948617093035374, guid: b5b1b9ef31ad02849919bcae2826fe7d,
        type: 3}
      propertyPath: m_Name
      value: PlayerScoreName_Text
      objectReference: {fileID: 0}
    - target: {fileID: 7734614243371050566, guid: b5b1b9ef31ad02849919bcae2826fe7d,
        type: 3}
      propertyPath: m_AnchoredPosition.y
      value: 68
      objectReference: {fileID: 0}
    - target: {fileID: 7734614243371050567, guid: b5b1b9ef31ad02849919bcae2826fe7d,
        type: 3}
      propertyPath: m_Name
      value: BeginningWaveTimer_Text
      objectReference: {fileID: 0}
    - target: {fileID: 7734614243530817021, guid: b5b1b9ef31ad02849919bcae2826fe7d,
        type: 3}
      propertyPath: m_Name
      value: CurrentPlayerScore_Text
      objectReference: {fileID: 0}
    - target: {fileID: 7734614243660701613, guid: b5b1b9ef31ad02849919bcae2826fe7d,
        type: 3}
      propertyPath: m_Name
      value: CurrentPlayerWave_Text
      objectReference: {fileID: 0}
    - target: {fileID: 7734614243724411964, guid: b5b1b9ef31ad02849919bcae2826fe7d,
        type: 3}
      propertyPath: m_AnchorMax.y
      value: 0
      objectReference: {fileID: 0}
    - target: {fileID: 7734614243724411964, guid: b5b1b9ef31ad02849919bcae2826fe7d,
        type: 3}
      propertyPath: m_AnchorMin.y
      value: 0
      objectReference: {fileID: 0}
    - target: {fileID: 7734614243724411964, guid: b5b1b9ef31ad02849919bcae2826fe7d,
        type: 3}
      propertyPath: m_SizeDelta.x
      value: 0
      objectReference: {fileID: 0}
    - target: {fileID: 7734614243724411964, guid: b5b1b9ef31ad02849919bcae2826fe7d,
        type: 3}
      propertyPath: m_SizeDelta.y
      value: 0
      objectReference: {fileID: 0}
    - target: {fileID: 7734614243724411964, guid: b5b1b9ef31ad02849919bcae2826fe7d,
        type: 3}
      propertyPath: m_AnchoredPosition.x
      value: 0
      objectReference: {fileID: 0}
    - target: {fileID: 7734614243724411964, guid: b5b1b9ef31ad02849919bcae2826fe7d,
        type: 3}
      propertyPath: m_AnchoredPosition.y
      value: 0
      objectReference: {fileID: 0}
    - target: {fileID: 7734614243888520744, guid: b5b1b9ef31ad02849919bcae2826fe7d,
        type: 3}
      propertyPath: m_AnchorMax.y
      value: 0
      objectReference: {fileID: 0}
    - target: {fileID: 7734614243888520744, guid: b5b1b9ef31ad02849919bcae2826fe7d,
        type: 3}
      propertyPath: m_AnchorMin.y
      value: 0
      objectReference: {fileID: 0}
    - target: {fileID: 7734614243888520744, guid: b5b1b9ef31ad02849919bcae2826fe7d,
        type: 3}
      propertyPath: m_SizeDelta.x
      value: 0
      objectReference: {fileID: 0}
    - target: {fileID: 7734614243888520744, guid: b5b1b9ef31ad02849919bcae2826fe7d,
        type: 3}
      propertyPath: m_SizeDelta.y
      value: 0
      objectReference: {fileID: 0}
    - target: {fileID: 7734614243888520744, guid: b5b1b9ef31ad02849919bcae2826fe7d,
        type: 3}
      propertyPath: m_AnchoredPosition.x
      value: 0
      objectReference: {fileID: 0}
    - target: {fileID: 7734614243888520744, guid: b5b1b9ef31ad02849919bcae2826fe7d,
        type: 3}
      propertyPath: m_AnchoredPosition.y
      value: 0
      objectReference: {fileID: 0}
    - target: {fileID: 7734614243987725829, guid: b5b1b9ef31ad02849919bcae2826fe7d,
        type: 3}
      propertyPath: m_AnchorMax.y
      value: 0
      objectReference: {fileID: 0}
    - target: {fileID: 7734614243987725829, guid: b5b1b9ef31ad02849919bcae2826fe7d,
        type: 3}
      propertyPath: m_AnchorMin.y
      value: 0
      objectReference: {fileID: 0}
    - target: {fileID: 7734614243987725829, guid: b5b1b9ef31ad02849919bcae2826fe7d,
        type: 3}
      propertyPath: m_SizeDelta.x
      value: 0
      objectReference: {fileID: 0}
    - target: {fileID: 7734614243987725829, guid: b5b1b9ef31ad02849919bcae2826fe7d,
        type: 3}
      propertyPath: m_SizeDelta.y
      value: 0
      objectReference: {fileID: 0}
    - target: {fileID: 7734614243987725829, guid: b5b1b9ef31ad02849919bcae2826fe7d,
        type: 3}
      propertyPath: m_AnchoredPosition.x
      value: 0
      objectReference: {fileID: 0}
    - target: {fileID: 7734614243987725829, guid: b5b1b9ef31ad02849919bcae2826fe7d,
        type: 3}
      propertyPath: m_AnchoredPosition.y
      value: 0
      objectReference: {fileID: 0}
    - target: {fileID: 7734614244150120025, guid: b5b1b9ef31ad02849919bcae2826fe7d,
        type: 3}
      propertyPath: m_AnchoredPosition.y
      value: 10
      objectReference: {fileID: 0}
    - target: {fileID: 7734614244150120027, guid: b5b1b9ef31ad02849919bcae2826fe7d,
        type: 3}
      propertyPath: m_PresetInfoIsWorld
      value: 0
      objectReference: {fileID: 0}
    - target: {fileID: 7734614244312304896, guid: b5b1b9ef31ad02849919bcae2826fe7d,
        type: 3}
      propertyPath: m_Pivot.x
      value: 0
      objectReference: {fileID: 0}
    - target: {fileID: 7734614244312304896, guid: b5b1b9ef31ad02849919bcae2826fe7d,
        type: 3}
      propertyPath: m_Pivot.y
      value: 0
      objectReference: {fileID: 0}
    - target: {fileID: 7734614244312304896, guid: b5b1b9ef31ad02849919bcae2826fe7d,
        type: 3}
      propertyPath: m_RootOrder
      value: 2
      objectReference: {fileID: 0}
    - target: {fileID: 7734614244312304896, guid: b5b1b9ef31ad02849919bcae2826fe7d,
        type: 3}
      propertyPath: m_AnchorMax.x
      value: 0
      objectReference: {fileID: 0}
    - target: {fileID: 7734614244312304896, guid: b5b1b9ef31ad02849919bcae2826fe7d,
        type: 3}
      propertyPath: m_AnchorMax.y
      value: 0
      objectReference: {fileID: 0}
    - target: {fileID: 7734614244312304896, guid: b5b1b9ef31ad02849919bcae2826fe7d,
        type: 3}
      propertyPath: m_AnchorMin.x
      value: 0
      objectReference: {fileID: 0}
    - target: {fileID: 7734614244312304896, guid: b5b1b9ef31ad02849919bcae2826fe7d,
        type: 3}
      propertyPath: m_AnchorMin.y
      value: 0
      objectReference: {fileID: 0}
    - target: {fileID: 7734614244312304896, guid: b5b1b9ef31ad02849919bcae2826fe7d,
        type: 3}
      propertyPath: m_SizeDelta.x
      value: 0
      objectReference: {fileID: 0}
    - target: {fileID: 7734614244312304896, guid: b5b1b9ef31ad02849919bcae2826fe7d,
        type: 3}
      propertyPath: m_SizeDelta.y
      value: 0
      objectReference: {fileID: 0}
    - target: {fileID: 7734614244312304896, guid: b5b1b9ef31ad02849919bcae2826fe7d,
        type: 3}
      propertyPath: m_LocalPosition.x
      value: 0
      objectReference: {fileID: 0}
    - target: {fileID: 7734614244312304896, guid: b5b1b9ef31ad02849919bcae2826fe7d,
        type: 3}
      propertyPath: m_LocalPosition.y
      value: 0
      objectReference: {fileID: 0}
    - target: {fileID: 7734614244312304896, guid: b5b1b9ef31ad02849919bcae2826fe7d,
        type: 3}
      propertyPath: m_LocalPosition.z
      value: 0
      objectReference: {fileID: 0}
    - target: {fileID: 7734614244312304896, guid: b5b1b9ef31ad02849919bcae2826fe7d,
        type: 3}
      propertyPath: m_LocalRotation.w
      value: 1
      objectReference: {fileID: 0}
    - target: {fileID: 7734614244312304896, guid: b5b1b9ef31ad02849919bcae2826fe7d,
        type: 3}
      propertyPath: m_LocalRotation.x
      value: 0
      objectReference: {fileID: 0}
    - target: {fileID: 7734614244312304896, guid: b5b1b9ef31ad02849919bcae2826fe7d,
        type: 3}
      propertyPath: m_LocalRotation.y
      value: 0
      objectReference: {fileID: 0}
    - target: {fileID: 7734614244312304896, guid: b5b1b9ef31ad02849919bcae2826fe7d,
        type: 3}
      propertyPath: m_LocalRotation.z
      value: 0
      objectReference: {fileID: 0}
    - target: {fileID: 7734614244312304896, guid: b5b1b9ef31ad02849919bcae2826fe7d,
        type: 3}
      propertyPath: m_AnchoredPosition.x
      value: 0
      objectReference: {fileID: 0}
    - target: {fileID: 7734614244312304896, guid: b5b1b9ef31ad02849919bcae2826fe7d,
        type: 3}
      propertyPath: m_AnchoredPosition.y
      value: 0
      objectReference: {fileID: 0}
    - target: {fileID: 7734614244312304896, guid: b5b1b9ef31ad02849919bcae2826fe7d,
        type: 3}
      propertyPath: m_LocalEulerAnglesHint.x
      value: 0
      objectReference: {fileID: 0}
    - target: {fileID: 7734614244312304896, guid: b5b1b9ef31ad02849919bcae2826fe7d,
        type: 3}
      propertyPath: m_LocalEulerAnglesHint.y
      value: 0
      objectReference: {fileID: 0}
    - target: {fileID: 7734614244312304896, guid: b5b1b9ef31ad02849919bcae2826fe7d,
        type: 3}
      propertyPath: m_LocalEulerAnglesHint.z
      value: 0
      objectReference: {fileID: 0}
    - target: {fileID: 7734614244312304908, guid: b5b1b9ef31ad02849919bcae2826fe7d,
        type: 3}
      propertyPath: m_Name
      value: UICanvas
      objectReference: {fileID: 0}
    - target: {fileID: 7734614244312304908, guid: b5b1b9ef31ad02849919bcae2826fe7d,
        type: 3}
      propertyPath: m_TagString
      value: Untagged
      objectReference: {fileID: 0}
    - target: {fileID: 7734614244583068770, guid: b5b1b9ef31ad02849919bcae2826fe7d,
        type: 3}
      propertyPath: m_AnchorMax.y
      value: 0
      objectReference: {fileID: 0}
    - target: {fileID: 7734614244583068770, guid: b5b1b9ef31ad02849919bcae2826fe7d,
        type: 3}
      propertyPath: m_AnchorMin.y
      value: 0
      objectReference: {fileID: 0}
    - target: {fileID: 7734614244583068770, guid: b5b1b9ef31ad02849919bcae2826fe7d,
        type: 3}
      propertyPath: m_SizeDelta.x
      value: 0
      objectReference: {fileID: 0}
    - target: {fileID: 7734614244583068770, guid: b5b1b9ef31ad02849919bcae2826fe7d,
        type: 3}
      propertyPath: m_SizeDelta.y
      value: 0
      objectReference: {fileID: 0}
    - target: {fileID: 7734614244583068770, guid: b5b1b9ef31ad02849919bcae2826fe7d,
        type: 3}
      propertyPath: m_AnchoredPosition.x
      value: 0
      objectReference: {fileID: 0}
    - target: {fileID: 7734614244583068770, guid: b5b1b9ef31ad02849919bcae2826fe7d,
        type: 3}
      propertyPath: m_AnchoredPosition.y
      value: 0
      objectReference: {fileID: 0}
    - target: {fileID: 8609215406043754764, guid: b5b1b9ef31ad02849919bcae2826fe7d,
        type: 3}
      propertyPath: m_AnchorMax.y
      value: 0
      objectReference: {fileID: 0}
    - target: {fileID: 8609215406043754764, guid: b5b1b9ef31ad02849919bcae2826fe7d,
        type: 3}
      propertyPath: m_AnchorMin.y
      value: 0
      objectReference: {fileID: 0}
    - target: {fileID: 8609215406043754764, guid: b5b1b9ef31ad02849919bcae2826fe7d,
        type: 3}
      propertyPath: m_SizeDelta.x
      value: 0
      objectReference: {fileID: 0}
    - target: {fileID: 8609215406043754764, guid: b5b1b9ef31ad02849919bcae2826fe7d,
        type: 3}
      propertyPath: m_SizeDelta.y
      value: 0
      objectReference: {fileID: 0}
    - target: {fileID: 8609215406043754764, guid: b5b1b9ef31ad02849919bcae2826fe7d,
        type: 3}
      propertyPath: m_AnchoredPosition.x
      value: 0
      objectReference: {fileID: 0}
    - target: {fileID: 8609215406043754764, guid: b5b1b9ef31ad02849919bcae2826fe7d,
        type: 3}
      propertyPath: m_AnchoredPosition.y
      value: 0
      objectReference: {fileID: 0}
    m_RemovedComponents:
    - {fileID: 8224770169368111147, guid: b5b1b9ef31ad02849919bcae2826fe7d, type: 3}
  m_SourcePrefab: {fileID: 100100000, guid: b5b1b9ef31ad02849919bcae2826fe7d, type: 3}
--- !u!114 &8836690246204780844 stripped
MonoBehaviour:
  m_CorrespondingSourceObject: {fileID: 7734614243530817023, guid: b5b1b9ef31ad02849919bcae2826fe7d,
    type: 3}
  m_PrefabInstance: {fileID: 1293910065868524755}
  m_PrefabAsset: {fileID: 0}
  m_GameObject: {fileID: 0}
  m_Enabled: 1
  m_EditorHideFlags: 0
  m_Script: {fileID: 11500000, guid: f4688fdb7df04437aeb418b961361dc5, type: 3}
  m_Name: 
  m_EditorClassIdentifier: 
--- !u!114 &8836690246112095594 stripped
MonoBehaviour:
  m_CorrespondingSourceObject: {fileID: 7734614243371049401, guid: b5b1b9ef31ad02849919bcae2826fe7d,
    type: 3}
  m_PrefabInstance: {fileID: 1293910065868524755}
  m_PrefabAsset: {fileID: 0}
  m_GameObject: {fileID: 0}
  m_Enabled: 1
  m_EditorHideFlags: 0
  m_Script: {fileID: 11500000, guid: f4688fdb7df04437aeb418b961361dc5, type: 3}
  m_Name: 
  m_EditorClassIdentifier: 
--- !u!223 &8836690245303822194 stripped
Canvas:
  m_CorrespondingSourceObject: {fileID: 7734614244164578209, guid: b5b1b9ef31ad02849919bcae2826fe7d,
    type: 3}
  m_PrefabInstance: {fileID: 1293910065868524755}
  m_PrefabAsset: {fileID: 0}
--- !u!224 &8836690245438931411 stripped
RectTransform:
  m_CorrespondingSourceObject: {fileID: 7734614244312304896, guid: b5b1b9ef31ad02849919bcae2826fe7d,
    type: 3}
  m_PrefabInstance: {fileID: 1293910065868524755}
  m_PrefabAsset: {fileID: 0}
--- !u!114 &8836690245806707580 stripped
MonoBehaviour:
  m_CorrespondingSourceObject: {fileID: 7734614243660701615, guid: b5b1b9ef31ad02849919bcae2826fe7d,
    type: 3}
  m_PrefabInstance: {fileID: 1293910065868524755}
  m_PrefabAsset: {fileID: 0}
  m_GameObject: {fileID: 0}
  m_Enabled: 1
  m_EditorHideFlags: 0
  m_Script: {fileID: 11500000, guid: f4688fdb7df04437aeb418b961361dc5, type: 3}
  m_Name: 
  m_EditorClassIdentifier: 
--- !u!1001 &2409397232727577623
PrefabInstance:
  m_ObjectHideFlags: 0
  serializedVersion: 2
  m_Modification:
    m_TransformParent: {fileID: 2031175719439061410}
    m_Modifications:
    - target: {fileID: 1487774384131766, guid: ee329c3cd08e58645834d20702d7f6c6, type: 3}
      propertyPath: m_Name
      value: AK74
      objectReference: {fileID: 0}
    - target: {fileID: 4519716788627816, guid: ee329c3cd08e58645834d20702d7f6c6, type: 3}
      propertyPath: m_RootOrder
      value: 0
      objectReference: {fileID: 0}
    - target: {fileID: 4519716788627816, guid: ee329c3cd08e58645834d20702d7f6c6, type: 3}
      propertyPath: m_LocalPosition.x
      value: 0
      objectReference: {fileID: 0}
    - target: {fileID: 4519716788627816, guid: ee329c3cd08e58645834d20702d7f6c6, type: 3}
      propertyPath: m_LocalPosition.y
      value: 0
      objectReference: {fileID: 0}
    - target: {fileID: 4519716788627816, guid: ee329c3cd08e58645834d20702d7f6c6, type: 3}
      propertyPath: m_LocalPosition.z
      value: 0
      objectReference: {fileID: 0}
    - target: {fileID: 4519716788627816, guid: ee329c3cd08e58645834d20702d7f6c6, type: 3}
      propertyPath: m_LocalRotation.w
      value: 1
      objectReference: {fileID: 0}
    - target: {fileID: 4519716788627816, guid: ee329c3cd08e58645834d20702d7f6c6, type: 3}
      propertyPath: m_LocalRotation.x
      value: 0
      objectReference: {fileID: 0}
    - target: {fileID: 4519716788627816, guid: ee329c3cd08e58645834d20702d7f6c6, type: 3}
      propertyPath: m_LocalRotation.y
      value: -0
      objectReference: {fileID: 0}
    - target: {fileID: 4519716788627816, guid: ee329c3cd08e58645834d20702d7f6c6, type: 3}
      propertyPath: m_LocalRotation.z
      value: -0
      objectReference: {fileID: 0}
    - target: {fileID: 4519716788627816, guid: ee329c3cd08e58645834d20702d7f6c6, type: 3}
      propertyPath: m_LocalEulerAnglesHint.x
      value: 0
      objectReference: {fileID: 0}
    - target: {fileID: 4519716788627816, guid: ee329c3cd08e58645834d20702d7f6c6, type: 3}
      propertyPath: m_LocalEulerAnglesHint.y
      value: 0
      objectReference: {fileID: 0}
    - target: {fileID: 4519716788627816, guid: ee329c3cd08e58645834d20702d7f6c6, type: 3}
      propertyPath: m_LocalEulerAnglesHint.z
      value: 0
      objectReference: {fileID: 0}
    - target: {fileID: 1636399372646254096, guid: ee329c3cd08e58645834d20702d7f6c6,
        type: 3}
      propertyPath: equipped
      value: 1
      objectReference: {fileID: 0}
    m_RemovedComponents: []
  m_SourcePrefab: {fileID: 100100000, guid: ee329c3cd08e58645834d20702d7f6c6, type: 3}
--- !u!4 &2413903751030160767 stripped
Transform:
  m_CorrespondingSourceObject: {fileID: 4519716788627816, guid: ee329c3cd08e58645834d20702d7f6c6,
    type: 3}
  m_PrefabInstance: {fileID: 2409397232727577623}
  m_PrefabAsset: {fileID: 0}
--- !u!1001 &2963556414069804561
PrefabInstance:
  m_ObjectHideFlags: 0
  serializedVersion: 2
  m_Modification:
    m_TransformParent: {fileID: 173156728259712482}
    m_Modifications:
    - target: {fileID: 7812165727153334104, guid: aeae4ab7d1cad72438b4482ee9e7c676,
        type: 3}
      propertyPath: m_Name
      value: AmmoStatus
      objectReference: {fileID: 0}
    - target: {fileID: 7812165727153334106, guid: aeae4ab7d1cad72438b4482ee9e7c676,
        type: 3}
      propertyPath: player
      value: 
      objectReference: {fileID: 9075181875166761891}
    - target: {fileID: 7812165727153334107, guid: aeae4ab7d1cad72438b4482ee9e7c676,
        type: 3}
      propertyPath: m_RootOrder
      value: 1
      objectReference: {fileID: 0}
    - target: {fileID: 7812165727153334107, guid: aeae4ab7d1cad72438b4482ee9e7c676,
        type: 3}
      propertyPath: m_LocalPosition.x
      value: 0
      objectReference: {fileID: 0}
    - target: {fileID: 7812165727153334107, guid: aeae4ab7d1cad72438b4482ee9e7c676,
        type: 3}
      propertyPath: m_LocalPosition.y
      value: 0.60000014
      objectReference: {fileID: 0}
    - target: {fileID: 7812165727153334107, guid: aeae4ab7d1cad72438b4482ee9e7c676,
        type: 3}
      propertyPath: m_LocalPosition.z
      value: 0
      objectReference: {fileID: 0}
    - target: {fileID: 7812165727153334107, guid: aeae4ab7d1cad72438b4482ee9e7c676,
        type: 3}
      propertyPath: m_LocalRotation.w
      value: 1
      objectReference: {fileID: 0}
    - target: {fileID: 7812165727153334107, guid: aeae4ab7d1cad72438b4482ee9e7c676,
        type: 3}
      propertyPath: m_LocalRotation.x
      value: -0
      objectReference: {fileID: 0}
    - target: {fileID: 7812165727153334107, guid: aeae4ab7d1cad72438b4482ee9e7c676,
        type: 3}
      propertyPath: m_LocalRotation.y
      value: -0
      objectReference: {fileID: 0}
    - target: {fileID: 7812165727153334107, guid: aeae4ab7d1cad72438b4482ee9e7c676,
        type: 3}
      propertyPath: m_LocalRotation.z
      value: -0
      objectReference: {fileID: 0}
    - target: {fileID: 7812165727153334107, guid: aeae4ab7d1cad72438b4482ee9e7c676,
        type: 3}
      propertyPath: m_LocalEulerAnglesHint.x
      value: 0
      objectReference: {fileID: 0}
    - target: {fileID: 7812165727153334107, guid: aeae4ab7d1cad72438b4482ee9e7c676,
        type: 3}
      propertyPath: m_LocalEulerAnglesHint.y
      value: 0
      objectReference: {fileID: 0}
    - target: {fileID: 7812165727153334107, guid: aeae4ab7d1cad72438b4482ee9e7c676,
        type: 3}
      propertyPath: m_LocalEulerAnglesHint.z
      value: 0
      objectReference: {fileID: 0}
    m_RemovedComponents: []
  m_SourcePrefab: {fileID: 100100000, guid: aeae4ab7d1cad72438b4482ee9e7c676, type: 3}
--- !u!4 &4993024748364671306 stripped
Transform:
  m_CorrespondingSourceObject: {fileID: 7812165727153334107, guid: aeae4ab7d1cad72438b4482ee9e7c676,
    type: 3}
  m_PrefabInstance: {fileID: 2963556414069804561}
  m_PrefabAsset: {fileID: 0}
--- !u!1001 &3774129960466690651
PrefabInstance:
  m_ObjectHideFlags: 0
  serializedVersion: 2
  m_Modification:
    m_TransformParent: {fileID: 173156728259712482}
    m_Modifications:
    - target: {fileID: 2804855722635154338, guid: 25fe7f1f9ed04204aa288879f391d99b,
        type: 3}
      propertyPath: m_RootOrder
      value: 5
      objectReference: {fileID: 0}
    - target: {fileID: 2804855722635154338, guid: 25fe7f1f9ed04204aa288879f391d99b,
        type: 3}
      propertyPath: m_LocalPosition.x
      value: 318.3578
      objectReference: {fileID: 0}
    - target: {fileID: 2804855722635154338, guid: 25fe7f1f9ed04204aa288879f391d99b,
        type: 3}
      propertyPath: m_LocalPosition.y
      value: 239
      objectReference: {fileID: 0}
    - target: {fileID: 2804855722635154338, guid: 25fe7f1f9ed04204aa288879f391d99b,
        type: 3}
      propertyPath: m_LocalPosition.z
      value: 1.2910633
      objectReference: {fileID: 0}
    - target: {fileID: 2804855722635154338, guid: 25fe7f1f9ed04204aa288879f391d99b,
        type: 3}
      propertyPath: m_LocalRotation.w
      value: 1
      objectReference: {fileID: 0}
    - target: {fileID: 2804855722635154338, guid: 25fe7f1f9ed04204aa288879f391d99b,
        type: 3}
      propertyPath: m_LocalRotation.x
      value: -0
      objectReference: {fileID: 0}
    - target: {fileID: 2804855722635154338, guid: 25fe7f1f9ed04204aa288879f391d99b,
        type: 3}
      propertyPath: m_LocalRotation.y
      value: -0
      objectReference: {fileID: 0}
    - target: {fileID: 2804855722635154338, guid: 25fe7f1f9ed04204aa288879f391d99b,
        type: 3}
      propertyPath: m_LocalRotation.z
      value: -0
      objectReference: {fileID: 0}
    - target: {fileID: 2804855722635154338, guid: 25fe7f1f9ed04204aa288879f391d99b,
        type: 3}
      propertyPath: m_LocalEulerAnglesHint.x
      value: 0
      objectReference: {fileID: 0}
    - target: {fileID: 2804855722635154338, guid: 25fe7f1f9ed04204aa288879f391d99b,
        type: 3}
      propertyPath: m_LocalEulerAnglesHint.y
      value: 0
      objectReference: {fileID: 0}
    - target: {fileID: 2804855722635154338, guid: 25fe7f1f9ed04204aa288879f391d99b,
        type: 3}
      propertyPath: m_LocalEulerAnglesHint.z
      value: 0
      objectReference: {fileID: 0}
    - target: {fileID: 3298529717878802694, guid: 25fe7f1f9ed04204aa288879f391d99b,
        type: 3}
      propertyPath: timeTextObject
      value: 
      objectReference: {fileID: 8836690246112095594}
    - target: {fileID: 3531098835444103725, guid: 25fe7f1f9ed04204aa288879f391d99b,
        type: 3}
      propertyPath: m_Name
      value: WaveController
      objectReference: {fileID: 0}
    - target: {fileID: 5016479488535354423, guid: 25fe7f1f9ed04204aa288879f391d99b,
        type: 3}
      propertyPath: mainMenu
      value: 
      objectReference: {fileID: 0}
    - target: {fileID: 5016479488535354423, guid: 25fe7f1f9ed04204aa288879f391d99b,
        type: 3}
      propertyPath: playAgain
      value: 
      objectReference: {fileID: 0}
    - target: {fileID: 5016479488535354423, guid: 25fe7f1f9ed04204aa288879f391d99b,
        type: 3}
      propertyPath: TextBoxName
      value: 
      objectReference: {fileID: 0}
    - target: {fileID: 5016479488535354423, guid: 25fe7f1f9ed04204aa288879f391d99b,
        type: 3}
      propertyPath: TextBoxScore
      value: 
      objectReference: {fileID: 0}
    - target: {fileID: 5016479488535354423, guid: 25fe7f1f9ed04204aa288879f391d99b,
        type: 3}
      propertyPath: uIGameobject
      value: 
      objectReference: {fileID: 8836690245303822194}
    - target: {fileID: 5016479488535354423, guid: 25fe7f1f9ed04204aa288879f391d99b,
        type: 3}
      propertyPath: deathScreengameobject
      value: 
      objectReference: {fileID: 0}
    - target: {fileID: 8613290125285630197, guid: 25fe7f1f9ed04204aa288879f391d99b,
        type: 3}
      propertyPath: currentWaveObject
      value: 
      objectReference: {fileID: 8836690245806707580}
    - target: {fileID: 8613290125285630197, guid: 25fe7f1f9ed04204aa288879f391d99b,
        type: 3}
      propertyPath: currentScoreObject
      value: 
      objectReference: {fileID: 8836690246204780844}
    - target: {fileID: 8613290125285630197, guid: 25fe7f1f9ed04204aa288879f391d99b,
        type: 3}
      propertyPath: deathScreenController
      value: 
      objectReference: {fileID: 0}
    m_RemovedComponents:
    - {fileID: 5016479488535354423, guid: 25fe7f1f9ed04204aa288879f391d99b, type: 3}
  m_SourcePrefab: {fileID: 100100000, guid: 25fe7f1f9ed04204aa288879f391d99b, type: 3}
--- !u!4 &1336652477476725241 stripped
Transform:
  m_CorrespondingSourceObject: {fileID: 2804855722635154338, guid: 25fe7f1f9ed04204aa288879f391d99b,
    type: 3}
  m_PrefabInstance: {fileID: 3774129960466690651}
  m_PrefabAsset: {fileID: 0}
--- !u!1001 &4418857030048994797
PrefabInstance:
  m_ObjectHideFlags: 0
  serializedVersion: 2
  m_Modification:
    m_TransformParent: {fileID: 173156728259712482}
    m_Modifications:
    - target: {fileID: 1964341299929038814, guid: 3df69081d246f3646ae4cc54362361ce,
        type: 3}
      propertyPath: m_Name
      value: Endurancebar
      objectReference: {fileID: 0}
    - target: {fileID: 2869962466863854693, guid: 3df69081d246f3646ae4cc54362361ce,
        type: 3}
      propertyPath: m_Layer
      value: 0
      objectReference: {fileID: 0}
    - target: {fileID: 3599356040798124560, guid: 3df69081d246f3646ae4cc54362361ce,
        type: 3}
      propertyPath: m_Camera
      value: 
      objectReference: {fileID: 6361925505155118096}
    - target: {fileID: 4573627164241474114, guid: 3df69081d246f3646ae4cc54362361ce,
        type: 3}
      propertyPath: m_ScaleFactor
      value: 0.5
      objectReference: {fileID: 0}
    - target: {fileID: 5267013338546530401, guid: 3df69081d246f3646ae4cc54362361ce,
        type: 3}
      propertyPath: m_Pivot.x
      value: 0
      objectReference: {fileID: 0}
    - target: {fileID: 5267013338546530401, guid: 3df69081d246f3646ae4cc54362361ce,
        type: 3}
      propertyPath: m_Pivot.y
      value: 0
      objectReference: {fileID: 0}
    - target: {fileID: 5267013338546530401, guid: 3df69081d246f3646ae4cc54362361ce,
        type: 3}
      propertyPath: m_RootOrder
      value: 3
      objectReference: {fileID: 0}
    - target: {fileID: 5267013338546530401, guid: 3df69081d246f3646ae4cc54362361ce,
        type: 3}
      propertyPath: m_AnchorMax.x
      value: 0
      objectReference: {fileID: 0}
    - target: {fileID: 5267013338546530401, guid: 3df69081d246f3646ae4cc54362361ce,
        type: 3}
      propertyPath: m_AnchorMax.y
      value: 0
      objectReference: {fileID: 0}
    - target: {fileID: 5267013338546530401, guid: 3df69081d246f3646ae4cc54362361ce,
        type: 3}
      propertyPath: m_AnchorMin.x
      value: 0
      objectReference: {fileID: 0}
    - target: {fileID: 5267013338546530401, guid: 3df69081d246f3646ae4cc54362361ce,
        type: 3}
      propertyPath: m_AnchorMin.y
      value: 0
      objectReference: {fileID: 0}
    - target: {fileID: 5267013338546530401, guid: 3df69081d246f3646ae4cc54362361ce,
        type: 3}
      propertyPath: m_SizeDelta.x
      value: 0
      objectReference: {fileID: 0}
    - target: {fileID: 5267013338546530401, guid: 3df69081d246f3646ae4cc54362361ce,
        type: 3}
      propertyPath: m_SizeDelta.y
      value: 0
      objectReference: {fileID: 0}
    - target: {fileID: 5267013338546530401, guid: 3df69081d246f3646ae4cc54362361ce,
        type: 3}
      propertyPath: m_LocalPosition.x
      value: 0
      objectReference: {fileID: 0}
    - target: {fileID: 5267013338546530401, guid: 3df69081d246f3646ae4cc54362361ce,
        type: 3}
      propertyPath: m_LocalPosition.y
      value: 0
      objectReference: {fileID: 0}
    - target: {fileID: 5267013338546530401, guid: 3df69081d246f3646ae4cc54362361ce,
        type: 3}
      propertyPath: m_LocalPosition.z
      value: 0
      objectReference: {fileID: 0}
    - target: {fileID: 5267013338546530401, guid: 3df69081d246f3646ae4cc54362361ce,
        type: 3}
      propertyPath: m_LocalRotation.w
      value: 1
      objectReference: {fileID: 0}
    - target: {fileID: 5267013338546530401, guid: 3df69081d246f3646ae4cc54362361ce,
        type: 3}
      propertyPath: m_LocalRotation.x
      value: 0
      objectReference: {fileID: 0}
    - target: {fileID: 5267013338546530401, guid: 3df69081d246f3646ae4cc54362361ce,
        type: 3}
      propertyPath: m_LocalRotation.y
      value: 0
      objectReference: {fileID: 0}
    - target: {fileID: 5267013338546530401, guid: 3df69081d246f3646ae4cc54362361ce,
        type: 3}
      propertyPath: m_LocalRotation.z
      value: 0
      objectReference: {fileID: 0}
    - target: {fileID: 5267013338546530401, guid: 3df69081d246f3646ae4cc54362361ce,
        type: 3}
      propertyPath: m_AnchoredPosition.x
      value: 0
      objectReference: {fileID: 0}
    - target: {fileID: 5267013338546530401, guid: 3df69081d246f3646ae4cc54362361ce,
        type: 3}
      propertyPath: m_AnchoredPosition.y
      value: 0
      objectReference: {fileID: 0}
    - target: {fileID: 5267013338546530401, guid: 3df69081d246f3646ae4cc54362361ce,
        type: 3}
      propertyPath: m_LocalEulerAnglesHint.x
      value: 0
      objectReference: {fileID: 0}
    - target: {fileID: 5267013338546530401, guid: 3df69081d246f3646ae4cc54362361ce,
        type: 3}
      propertyPath: m_LocalEulerAnglesHint.y
      value: 0
      objectReference: {fileID: 0}
    - target: {fileID: 5267013338546530401, guid: 3df69081d246f3646ae4cc54362361ce,
        type: 3}
      propertyPath: m_LocalEulerAnglesHint.z
      value: 0
      objectReference: {fileID: 0}
    - target: {fileID: 6422620471433683476, guid: 3df69081d246f3646ae4cc54362361ce,
        type: 3}
      propertyPath: m_AnchorMax.y
      value: 0
      objectReference: {fileID: 0}
    - target: {fileID: 8222329350667045464, guid: 3df69081d246f3646ae4cc54362361ce,
        type: 3}
      propertyPath: m_Layer
      value: 0
      objectReference: {fileID: 0}
    m_RemovedComponents: []
  m_SourcePrefab: {fileID: 100100000, guid: 3df69081d246f3646ae4cc54362361ce, type: 3}
--- !u!114 &5028913450799308975 stripped
MonoBehaviour:
  m_CorrespondingSourceObject: {fileID: 8689877094313588034, guid: 3df69081d246f3646ae4cc54362361ce,
    type: 3}
  m_PrefabInstance: {fileID: 4418857030048994797}
  m_PrefabAsset: {fileID: 0}
  m_GameObject: {fileID: 0}
  m_Enabled: 1
  m_EditorHideFlags: 0
  m_Script: {fileID: 11500000, guid: 67db9e8f0e2ae9c40bc1e2b64352a6b4, type: 3}
  m_Name: 
  m_EditorClassIdentifier: 
--- !u!224 &8379756034721430924 stripped
RectTransform:
  m_CorrespondingSourceObject: {fileID: 5267013338546530401, guid: 3df69081d246f3646ae4cc54362361ce,
    type: 3}
  m_PrefabInstance: {fileID: 4418857030048994797}
  m_PrefabAsset: {fileID: 0}
--- !u!1001 &7929086360567165956
PrefabInstance:
  m_ObjectHideFlags: 0
  serializedVersion: 2
  m_Modification:
    m_TransformParent: {fileID: 173156728259712482}
    m_Modifications:
    - target: {fileID: 125088936181366990, guid: 459aaef55e168214eb681f36afad7434,
        type: 3}
      propertyPath: m_RootOrder
      value: 1
      objectReference: {fileID: 0}
    - target: {fileID: 4680746823268199080, guid: 459aaef55e168214eb681f36afad7434,
        type: 3}
      propertyPath: m_AnchorMax.y
      value: 0
      objectReference: {fileID: 0}
    - target: {fileID: 4680746823268199080, guid: 459aaef55e168214eb681f36afad7434,
        type: 3}
      propertyPath: m_LocalPosition.x
      value: 0
      objectReference: {fileID: 0}
    - target: {fileID: 7384397968152329603, guid: 459aaef55e168214eb681f36afad7434,
        type: 3}
      propertyPath: m_Name
      value: Healthbar
      objectReference: {fileID: 0}
    - target: {fileID: 7735517994280990541, guid: 459aaef55e168214eb681f36afad7434,
        type: 3}
      propertyPath: m_RootOrder
      value: 4
      objectReference: {fileID: 0}
    - target: {fileID: 7735517994280990541, guid: 459aaef55e168214eb681f36afad7434,
        type: 3}
      propertyPath: m_LocalPosition.x
      value: 1278.3578
      objectReference: {fileID: 0}
    - target: {fileID: 7735517994280990541, guid: 459aaef55e168214eb681f36afad7434,
        type: 3}
      propertyPath: m_LocalPosition.y
      value: 719
      objectReference: {fileID: 0}
    - target: {fileID: 7735517994280990541, guid: 459aaef55e168214eb681f36afad7434,
        type: 3}
      propertyPath: m_LocalPosition.z
      value: 177.9497
      objectReference: {fileID: 0}
    - target: {fileID: 7735517994280990541, guid: 459aaef55e168214eb681f36afad7434,
        type: 3}
      propertyPath: m_LocalRotation.w
      value: 1
      objectReference: {fileID: 0}
    - target: {fileID: 7735517994280990541, guid: 459aaef55e168214eb681f36afad7434,
        type: 3}
      propertyPath: m_LocalRotation.x
      value: -0
      objectReference: {fileID: 0}
    - target: {fileID: 7735517994280990541, guid: 459aaef55e168214eb681f36afad7434,
        type: 3}
      propertyPath: m_LocalRotation.y
      value: -0
      objectReference: {fileID: 0}
    - target: {fileID: 7735517994280990541, guid: 459aaef55e168214eb681f36afad7434,
        type: 3}
      propertyPath: m_LocalRotation.z
      value: -0
      objectReference: {fileID: 0}
    - target: {fileID: 7735517994280990541, guid: 459aaef55e168214eb681f36afad7434,
        type: 3}
      propertyPath: m_LocalEulerAnglesHint.x
      value: 0
      objectReference: {fileID: 0}
    - target: {fileID: 7735517994280990541, guid: 459aaef55e168214eb681f36afad7434,
        type: 3}
      propertyPath: m_LocalEulerAnglesHint.y
      value: 0
      objectReference: {fileID: 0}
    - target: {fileID: 7735517994280990541, guid: 459aaef55e168214eb681f36afad7434,
        type: 3}
      propertyPath: m_LocalEulerAnglesHint.z
      value: 0
      objectReference: {fileID: 0}
    m_RemovedComponents: []
  m_SourcePrefab: {fileID: 100100000, guid: 459aaef55e168214eb681f36afad7434, type: 3}
--- !u!4 &383882018456503113 stripped
Transform:
  m_CorrespondingSourceObject: {fileID: 7735517994280990541, guid: 459aaef55e168214eb681f36afad7434,
    type: 3}
  m_PrefabInstance: {fileID: 7929086360567165956}
  m_PrefabAsset: {fileID: 0}
--- !u!114 &8921641637541801853 stripped
MonoBehaviour:
  m_CorrespondingSourceObject: {fileID: 1574517985463458681, guid: 459aaef55e168214eb681f36afad7434,
    type: 3}
  m_PrefabInstance: {fileID: 7929086360567165956}
  m_PrefabAsset: {fileID: 0}
  m_GameObject: {fileID: 0}
  m_Enabled: 1
  m_EditorHideFlags: 0
  m_Script: {fileID: 11500000, guid: 67db9e8f0e2ae9c40bc1e2b64352a6b4, type: 3}
  m_Name: 
  m_EditorClassIdentifier: 
